@ARTICLE{Hinton2012,
author={Hinton, G. and Li Deng and Dong Yu and Dahl, G.E. and Mohamed, A. and Jaitly, N. and Senior, A. and Vanhoucke, V. and Nguyen, P. and Sainath, T.N. and Kingsbury, B.},
journal={Signal Processing Magazine, IEEE},
title={Deep Neural Networks for Acoustic Modeling in Speech Recognition: The Shared Views of Four Research Groups},
year={2012},
volume={29},
number={6},
pages={82-97},
keywords={Gaussian processes;feedforward neural nets;hidden Markov models;speech recognition;Gaussian mixture models;HMM states;acoustic modeling;deep neural networks;feed-forward neural network;hidden Markov models;posterior probabilities;speech recognition;temporal variability;Acoustics;Automatic speech recognition;Data models;Gaussian processes;Hidden Markov models;Neural networks;Speech recognition;Training},
doi={10.1109/MSP.2012.2205597},
ISSN={1053-5888},
month={Nov},}

@article{Alex2013,
  author    = {Alex Graves and
               Abdel{-}rahman Mohamed and
               Geoffrey E. Hinton},
  title     = {Speech Recognition with Deep Recurrent Neural Networks},
  journal   = {ArXiv},
  volume    = {abs/1303.5778},
  year      = {2013},
  url       = {http://arxiv.org/abs/1303.5778},
  timestamp = {Mon, 08 Apr 2013 13:28:28 +0200},
  biburl    = {http://dblp.uni-trier.de/rec/bib/journals/corr/abs-1303-5778},
  bibsource = {dblp computer science bibliography, http://dblp.org}
  
  @article{Mohamed2012,
  	author 	= {Abdel-rahman Mohamed, George E. Dahl, and Geoffrey Hinton},
  	title	= {Acoustic Modeling using Deep Belief Networks},
    journal	= {IEEE Transactions on Audio, Speech, and Language Processing},
    volume	= {Volume 20 Issue 1},
    year	= {2012},
    url		= {http://ieeexplore.ieee.org/xpl/articleDetails.jsp?arnumber=5704567}
  }
}
@article{DBLP:journals/corr/SakSB14,
  author    = {Hasim Sak and
               Andrew W. Senior and
               Fran{\c{c}}oise Beaufays},
  title     = {Long Short-Term Memory Based Recurrent Neural Network Architectures
               for Large Vocabulary Speech Recognition},
  journal   = {CoRR},
  volume    = {abs/1402.1128},
  year      = {2014},
  url       = {http://arxiv.org/abs/1402.1128},
  timestamp = {Thu, 12 Feb 2015 13:58:53 +0100},
  biburl    = {http://dblp.uni-trier.de/rec/bib/journals/corr/SakSB14},
  bibsource = {dblp computer science bibliography, http://dblp.org}
}
@ARTICLE{CNNSpeech,
  author={Abdel-Hamid, O. and Mohamed, A.-R. and Hui Jiang and Li Deng and Penn, G. and Dong Yu},
  journal={Audio, Speech, and Language Processing, IEEE/ACM Transactions on},
  title={Convolutional Neural Networks for Speech Recognition},
  year={2014},
  volume={22},
  number={10},
  pages={1533-1545},
  keywords={Gaussian processes;hidden Markov models;mixture models;neural nets;speech recognition;Gaussian mixture model;complex correlations;convolutional neural networks;hidden Markov model;hybrid deep neural network;limited-weight-sharing scheme;local connectivity;speech recognition;weight sharing;Convolution;Hidden Markov models;Neural networks;Speech;Speech recognition;Training;Vectors;Convolution;Limited Weight Sharing (LWS) scheme;convolutional neural networks;pooling},
  doi={10.1109/TASLP.2014.2339736},
  ISSN={2329-9290},
  month={Oct},
}
@ARTICLE{Robinson94Rnn,
  author = {Tony Robinson},
  title = {An Application of Recurrent Nets to Phone Probability Estimation},
  journal = {IEEE Transactions on Neural Networks},
  year = {1994},
  volume = {5},
  pages = {298--305}
}
@inproceedings{VoiceAct2013,
  title = {Recurrent Neural Networks for Voice Activity Detection},
  author  = {Thad Hughes and Keir Mierle},
  year  = 2013,
  booktitle = {ICASSP},
  pages = {7378--7382}
}
@INPROCEEDINGS{MultiLingual,
  author={Heigold, G. and Vanhoucke, V. and Senior, A. and Nguyen, P. and Ranzato, M. and Devin, M. and Dean, J.},
  booktitle={Acoustics, Speech and Signal Processing (ICASSP), 2013 IEEE International Conference on},
  title={Multilingual acoustic models using distributed deep neural networks},
  year={2013},
  pages={8619-8623},
  keywords={languages;neural nets;speech recognition;Romance languages;distributed deep neural networks;multilingual acoustic models;multilingual network training;processing power;resource-scarce languages;speech recognition technology;train large networks;Acoustics;Computational modeling;Data models;Error analysis;Neural networks;Speech recognition;Training;Speech recognition;deep neural networks;distributed neural networks;multilingual training;parameter sharing},
  doi={10.1109/ICASSP.2013.6639348},
  ISSN={1520-6149},
  month={May},
}
@inproceedings{maas2012recurrent,
  title={Recurrent Neural Networks for Noise Reduction in Robust ASR.},
  author={Maas, Andrew L and Le, Quoc V and O'Neil, Tyler M and Vinyals, Oriol and Nguyen, Patrick and Ng, Andrew Y},
  booktitle={INTERSPEECH},
  year={2012}
}
